@misc{dataset,
  author = 	 "Yang, Karren and Koppula, Skanda",
  title = 	 "Tumor Cell Melanoma Data",
  howpublished = "\url{https://www.dropbox.com/sh/tdrplhiu3mzvmeu/AADFlZITyPX_-I4O7jDuruJra?dl=0}",
}

@misc{pruning,
  author = 	 "Ling, et al.",
  title = 	 "Improving Relative-Entropy Pruning using Statistical Significance",
  howpublished = "\url{https://www.cs.cmu.edu/~awb/papers/coling2012/rep_coling2012.pdf}",
  month =	 "ACL",
  year =	 "2012"
}

@misc{nature,
  author = 	 "Borenszstein, et al.",
  title = 	 "Xist-dependent imprinted X inactivation and the early developmental consequences of its failure",
  howpublished = "\url{http://www.nature.com/nsmb/journal/v24/n3/fig_tab/nsmb.3365_SF1.html}",
  month =	 "Nature Structural \& Molecular Biology",
  year =	 "2017"
}

@misc{transcriptomics,
  author = 	 "Stegle, et al.",
  title = 	 "Computational and analytical challenges in single-cell transcriptomics",
  howpublished = "\url{https://www.nature.com/nrg/journal/v16/n3/full/nrg3833.html}",
  month =	 "Nature Methods",
  year =	 "2016"
}

@misc{bayesge1,
  author = 	 "Azizi, et al.",
  title = 	 "Bayesian Inference for Single-cell Clustering and Imputing",
  howpublished = "\url{https://genomicscomputbiol.org/ojs/index.php/GCB/article/view/46/35}",
  month =	 "Genomics",
  year =	 "2017"
}

@misc{bayesge3,
  author = 	 "Pe'er, et al.",
  title = 	 "Using Bayesian Networks to Analyze Expression Data",
  howpublished = "\url{http://www.cs.huji.ac.il/~nir/Papers/FLNP1Full.pdf}",
  month =	 "Genomics",
  year =	 "2000"
}


@misc{bayesge2,
  author = 	 "Prabhakaran, et al.",
  title = 	 "Dirichlet Process Mixture Model for Correcting Technical Variation in
Single-Cell Gene Expression Data",
  howpublished = "\url{http://www.c2b2.columbia.edu/danapeerlab/html/pub/prabhakaran16.pdf}",
  month =	 "ICML",
  year =	 "2016"
}

@misc{consensus,
  author = 	 "Yu, et al.",
  title = 	 "{SC3} - consensus clustering of single-cell RNA-Seq data",
  howpublished = "\url{http://biorxiv.org/content/early/2016/09/02/036558}",
  month =	 "Nature Methods",
  year =	 "2016"
}

@misc{profiling,
  author = 	 "Xie, et al.",
  title = 	 "{SINCERA}: A Pipeline for Single-Cell RNA-Seq Profiling Analysis",
  howpublished = "\url{http://months.plos.org/ploscompbiol/article?id=10.1371/month.pcbi.1004575}",
  month =	 "PLoS",
  year =	 "2015"
}

@misc{pengtao,
  author = 	 "Xie, et al.",
  title = 	 "Integrating Document Clustering and Topic Modeling.",
  howpublished = "\url{https://arxiv.org/pdf/1309.6874.pdf}",
  month =	 "NIPS",
  year =	 "2013"
}

@misc{LDA,
  author = 	 "Blei, et al.",
  title = 	 "Latent Dirichlet Allocation",
  howpublished = "\url{http://www.jmlr.org/papers/volume3/blei03a/blei03a.pdf}",
  month =	 "JMLR",
  year =	 "2003"
}

@misc{HDP,
  author = 	 "Blei, et al.",
  title = 	 "Hierarchical Dirichlet Processes",
  howpublished = "\url{http://people.eecs.berkeley.edu/~jordan/papers/hdp.pdf}",
  month =	 "NIPS",
  year =	 "2005"
}

@misc{IBP,
  author = 	 "Blei, et al.",
  title = 	 "The {IBP} Compound Dirichlet Process and its Application to Focused Topic Modeling",
  howpublished = "\url{http://www.cs.columbia.edu/~blei/papers/WilliamsonWangHellerBlei2010.pdf}",
  month =	 "ICML",
  year =	 "2010"
}

@misc{tsdpp,
  author = 	 "Nieto-Barajas, et al.",
  title = 	 "A Time-Series {DDP} for Functional Proteomics Profiles",
  howpublished = "\url{https://www.ma.utexas.edu/users/pmueller/pap/NM12.pdf}",
  month =	 "Biometrics",
  year =	 "2012"
}


